<?xml version="1.0" encoding="UTF-8"?><record xmlns="http://www.loc.gov/MARC21/slim" xmlns:cinclude="http://apache.org/cocoon/include/1.0" xmlns:zs="http://www.loc.gov/zing/srw/">
  <leader>00336nz  a2200121n  4500</leader>
  <controlfield tag="001">nr 95019124 </controlfield>
  <controlfield tag="003">DLC</controlfield>
  <controlfield tag="005">19990429050946.7</controlfield>
  <controlfield tag="008">950522n| acannaab|          |n aaa     c</controlfield>
  <datafield tag="010" ind1=" " ind2=" ">
    <subfield code="a">nr 95019124 </subfield>
  </datafield>
  <datafield tag="040" ind1=" " ind2=" ">
    <subfield code="a">CSfPAL</subfield>
    <subfield code="c">CSfPAL</subfield>
  </datafield>
  <datafield tag="100" ind1="1" ind2="0">
    <subfield code="a">Atkins, Sasha</subfield>
  </datafield>
  <datafield tag="670" ind1=" " ind2=" ">
    <subfield code="a">ODC San Francisco ... [VR] 8/2/92:</subfield>
    <subfield code="b">accomp. program, p. 2 (Sasha Atkins; dancer)</subfield>
  </datafield>
</record>